@article{heasly2014rendertoolbox3,
  title={RenderToolbox3: MATLAB tools that facilitate physically based stimulus rendering for vision research},
  author={Heasly, Benjamin S and Cottaris, Nicolas P and Lichtman, Daniel P and Xiao, Bei and Brainard, David H},
  journal={Journal of vision},
  volume={14},
  number={2},
  pages={6--6},
  year={2014},
  publisher={The Association for Research in Vision and Ophthalmology}
}
@article{jakob2015mitsuba,
  title={Mitsuba renderer, 2010},
  author={Jakob, Wenzel},
  journal={URL: http://www. mitsuba-renderer. org},
  volume={3},
  pages={10},
  year={2015}
}
@article{peyvandi2016colorimetric,
  title={Colorimetric analysis of outdoor illumination across varieties of atmospheric conditions},
  author={Peyvandi, Shahram and Hern{\'a}ndez-Andr{\'e}s, Javier and Olmo, FJ and Nieves, Juan Luis and Romero, Javier},
  journal={JOSA A},
  volume={33},
  number={6},
  pages={1049--1059},
  year={2016},
  publisher={Optical Society of America}
}
@article{geisler2009optimal,
  title={Optimal stimulus encoders for natural tasks},
  author={Geisler, Wilson S and Najemnik, Jiri and Ing, Almon D},
  journal={Journal of vision},
  volume={9},
  number={13},
  pages={17--17},
  year={2009},
  publisher={The Association for Research in Vision and Ophthalmology}
}
@article{burge2017accuracy,
  title={Accuracy Maximization Analysis for Sensory-Perceptual Tasks: Computational Improvements, Filter Robustness, and Coding Advantages for Scaled Additive Noise},
  author={Burge, Johannes and Jaini, Priyank},
  journal={PLoS computational biology},
  volume={13},
  number={2},
  pages={e1005281},
  year={2017},
  publisher={Public Library of Science}
}
@article{ranganNotes,
  title={From Regression to the Singular Value Decomposition},
  author={Rangan, Aditya},
  journal={(Personal communication)},
  volume={},
  number={},
  pages={},
  year={2016},
  publisher={}
}