@article{albrecht1991motion, 
title={Motion selectivity and the contrast-response function of simple cells in the visual cortex}, 
volume={7},
number={6}, 
journal={Visual Neuroscience}, 
publisher={Cambridge University Press}, 
author={Albrecht, Duane G. and Geisler, Wilson S.}, 
year={1991}, 
pages={531-546}}

@article{astm1121477,
  title={Standard Test Method for Luminous Reflectance Factor of Acoustical Materials by Use of Integrating-Sphere Reflectometers},
  author={ASTM},
  journal={Renovations of Center for Historic Preservation},
  volume={98},
  number={A}, 
  pages={E1477},
    year={2017},
}
@article{barron2015convolutional,
  title={Convolutional Color Constancy},
  author={Barron, Jonathan T},
  journal={Proceedings of the IEEE International Conference on Computer Vision},
  pages={379-387},
  year={2015},
  organization={IEEE}
}
@article{barron2012color,
  title={Color constancy, intrinsic images, and shape estimation},
  author={Barron, Jonathan T and Malik, Jitendra},
  journal={Proceedings of the European Conference on Computer Vision (ECCV)},
  pages={57-70},
  year={2012},
  organization={Springer}
}
@article{benson2014unsupervised,
  title={Unsupervised learning of cone spectral classes from natural images},
  author={Benson, Noah C and Manning, Jeremy R and Brainard, David H},
  journal={PLoS Computational Biology},
  volume={10},
  number={6},
  pages={e1003652},
  year={2014},
  publisher={Public Library of Science}
}
@article{brainard1986analysis,
  title={Analysis of the retinex theory of color vision},
  author={Brainard, David H and Wandell, Brian A},
  journal={Journal of the Optical Society of America  A},
  volume={3},
  number={10},
  pages={1651-1661},
  year={1986},
  publisher={Optical Society of America}
}
@inbook{BrainardColorConstancy,
   author = {Brainard, D. H. and Radonjic, A.},
   title = {Color constancy},
   booktitle = {{\em The New Visual Neurosciences}},
   editor = {Chalupa, L. M. and Werner, J. S.},
   publisher= {MIT Press, 545-556},
   pages = {545-556},
   year = {2014},
}
@article{Mollon89,
   author = {Mollon, J. D.},
   title = {``{T}ho' she kneel'd in that place where they grew..." {T}he uses and origins of primate colour vision},
   journal = {Journal of Experimental Biology},
   volume = {146},
   pages = {21-38},
   year = {1989},
}
@book{Jacobs81,
   author = {Jacobs, G. H.},
   title = {Comparative Color Vision},
   publisher = {Academic Press},
   address = {New York},
   year = {1981},
}
@article{FosterColorConstancy,
   author = {Foster, D. H.},
   title = {Color constancy},
   journal = {Vision Research},
   volume = {51},
   number = {7},
   pages = {674-700},
   year = {2011},   
}

@article{LandRetinex,
   author = {Land, E. H.},
   title = {The retinex theory of color vision},
   journal = {Scientific American},
   volume = {237},
   number = {6},
   pages = {108-128},
   ISSN = {0036-8733 (Print)0036-8733 (Linking)},
   year = {1977},   
}
@article{Buchsbaum80,
   author = {Buchsbaum, G.},
   title = {A spatial processor model for object colour perception},
   journal = {Journal of the Franklin Institute},
   volume = {310},
   number = {1},
   pages = {1-26},
   ISSN = {0016-0032},
   year = {1980},
}
@article{MaloneyWandell86,
   author = {Maloney, L.T. and Wandell, B. A.},
   title = {Color constancy: a method for recovering surface spectral reflectances},
   journal = {Journal of the Optical Society of America A},
   volume = {3},
   pages = {29-33},
   year = {1986},
}
@article{funt1988color,
  title={Color constancy computation in near-mondrian scenes using a finite dimensional linear model},
  author={Funt, Brian V and Drew, Mark S},
  journal={Computer Society Conference on Computer Vision and Pattern Recognition, 1988},
  pages={544-549},
  year={1988},
  organization={IEEE}
}
@article{D'ZmuraConstancy3,
   author = {D'Zmura, M. and Iverson, G.},
   title = {Color constancy. III. {G}eneral linear recovery of spectral descriptions for lights and surfaces},
   journal = {Journal Of The Optical Society Of America A},
   volume = {11},
   number = {9},
   pages = {2389-2400},
   ISSN = {1084-7529 (Print)
1084-7529 (Linking)},
   year = {1994},
   
}
@article{D'ZmuraIversonSinger,
   author = {D'Zmura, M. and Iverson, G. and Singer, B.},
   title = {Probabilistic color constancy},
   journal = {Geometric Representations of Perceptual Phenomena: Papers in Honor of Tarow Indow's 70th Birthday},
   editor = {Luce, R. D. and D'Zmura, M. and Hoffman, D. and Iverson, G. and Romney, A. K.},
   publisher = {Lawrence Erlbaum Associates},
   address = {Mahwah, NJ},
   pages = {187-202},
   year = {1995},
}
@article{BrainardFreeman,
   author = {Brainard, D. H. and Freeman, W. T.},
   title = {Bayesian color constancy},
   journal = {Journal of the Optical Society of America A},
   volume = {14},
   number = {7},
   pages = {1393-1411},
   year = {1997},
}

@article{heasly2014rendertoolbox3,
  title={RenderToolbox3: MATLAB tools that facilitate physically based stimulus rendering for vision research},
  author={Heasly, Benjamin S and Cottaris, Nicolas P and Lichtman, Daniel P and Xiao, Bei and Brainard, David H},
  journal={Journal of Vision},
  volume={14},
  number={2},
  pages={1-22},
  year={2014},
  publisher={The Association for Research in Vision and Ophthalmology}
}
@article{jakob2015mitsuba,
  title={Mitsuba renderer},
  author={Jakob, Wenzel},
  journal={http://www.mitsuba-renderer.org},
  year={2010},
}
@article{peyvandi2016colorimetric,
  title={Colorimetric analysis of outdoor illumination across varieties of atmospheric conditions},
  author={Peyvandi, Shahram and Hern{\'a}ndez-Andr{\'e}s, Javier and Olmo, FJ and Nieves, Juan Luis and Romero, Javier},
  journal={Journal of the Optical Society of America  A},
  volume={33},
  number={6},
  pages={1049-1059},
  year={2016},
  publisher={Optical Society of America}
}
@article{hernandez2001color,
  title={Color and spectral analysis of daylight in southern Europe},
  author={Hern{\'a}ndez-Andr{\'e}s, Javier and Romero, Javier and Nieves, Juan L and Lee, Raymond L},
  journal={Journal of the Optical Society of America  A},
  volume={18},
  number={6},
  pages={1325-1335},
  year={2001},
  publisher={Optical Society of America}
}
@article{geisler2009optimal,
  title={Optimal stimulus encoders for natural tasks},
  author={Geisler, Wilson S and Najemnik, Jiri and Ing, Almon D},
  journal={Journal of Vision},
  volume={9},
  number={13},
  pages={1-6},
  year={2009},
  publisher={The Association for Research in Vision and Ophthalmology}
}
@article{burge2017accuracy,
  title={Accuracy Maximization Analysis for Sensory-Perceptual Tasks: Computational Improvements, Filter Robustness, and Coding Advantages for Scaled Additive Noise},
  author={Burge, Johannes and Jaini, Priyank},
  journal={PLoS Computational Biology},
  volume={13},
  number={2},
  pages={e1005281},
  year={2017},
  publisher={Public Library of Science}
}
@techreport{CIE86,
   author = {CIE},
   title = {Colorimetry, second edition},
   institution = {Bureau Central de la CIE},
   number = {15.2},
   year = {1986},
}
@article{NascimentoFoster2016,
   author = {Nascimento, S. M. and Amano, K. and Foster, D. H.},
   title = {Spatial distributions of local illumination color in natural scenes},
   journal = {Vision Research},
   volume = {120},
   pages = {39-44},
   year = {2016},
   }
@article{ChakrabartiHyperspectral,
   author = {Chakrabarti, A. and Zickler, T.},
   title = {Statistics of real-world hyperspectral images},
   journal = {Proceedings of the IEEE Computer Society Conference on Computer Vision and Pattern Recognition},
   pages = {193-200},
   year = {2011},
}
@article{ParragaHyperspectralData,
   author = {Parraga, C. A. and Brelstaff, G. and Troscianko, T. and Moorehead, I. R.},
   title = {Color and luminance information in natural scenes},
   journal = {Journal of The Optical Society of America A},
   volume = {15},
   pages = {563-569},
   year = {1998},   
}
@article{skauli2013collection,
  title={A collection of hyperspectral images for imaging systems research.},
  author={Skauli, Torbj{\o}rn and Farrell, Joyce E},
  journal={Digital Photography},
  pages={86600C},
  year={2013}
}
@article{TkacikUpennHypersepctralData,
   author = {Tkacik, G. and Garrigan, P. and Ratliff, C. and Milcinski, G. and Klein, J. M. and Sterling, P. and Brainard, D. H. and Balasubramanian, V.},
   title = {Natural images from the birthplace of the human eye},
   journal = {PLoS ONE},
   volume = {6},
   number={6},
   pages = {e20409},
   year = {2011},  
}
@article{burge2011optimal,
  title={Optimal defocus estimation in individual natural images},
  author={Burge, Johannes and Geisler, Wilson S},
  journal={Proceedings of the National Academy of Sciences},
  volume={108},
  number={40},
  pages={16849-16854},
  year={2011},
  publisher={National Acad Sciences}
}
@article{burge2014optimal,
  title={Optimal disparity estimation in natural stereo images},
  author={Burge, Johannes and Geisler, Wilson S},
  journal={Journal of Vision},
  volume={14},
  number={2},
  pages={1-18},
  year={2014},
  publisher={The Association for Research in Vision and Ophthalmology}
}
@article{burge2015optimal,
  title={Optimal speed estimation in natural image movies predicts human performance},
  author={Burge, Johannes and Geisler, Wilson S},
  journal={Nature Communications},
  volume={6},
  pages={7900},
  year={2015},
  publisher={Nature Research}
}

@article{ciurea2003large,
  title={A large image database for color constancy research},
  author={Ciurea, Florian and Funt, Brian},
  journal={Color and Imaging Conference},
  volume={2003},
  number={1},
  pages={160-164},
  year={2003},
  organization={Society for Imaging Science and Technology}
}
@inproceedings{mury2007spatial,
  title={Spatial properties of light fields in natural scenes},
  author={Mury, Alexander A and Pont, Sylvia C and Koenderink, Jan J},
  booktitle={Proceedings of the 4th symposium on Applied perception in graphics and visualization},
  year={2007},
  organization={ACM}
}
@article{baker2011database,
  title={A database and evaluation methodology for optical flow},
  author={Baker, Simon and Scharstein, Daniel and Lewis, JP and Roth, Stefan and Black, Michael J and Szeliski, Richard},
  journal={International Journal of Computer Vision},
  volume={92},
  number={1},
  pages={1-31},
  year={2011},
  publisher={Springer}
}

@article{vrhel1994measurement,
  title={Measurement and analysis of object reflectance spectra},
  author={Vrhel, Michael J and Gershon, Ron and Iwan, Lawrence S},
  journal={Color Research \& Application},
  volume={19},
  number={1},
  pages={4-9},
  year={1994},
  publisher={Wiley Online Library}
}

@article{kelly1943tristimulus,
  title={Tristimulus specification of the Munsell Book of Color from spectrophotometric measurements},
  author={Kelly, Kenneth L and Gibson, Kasson S and Nickerson, Dorothy},
  journal={Journal of the Optical Society of America },
  volume={33},
  number={7},
  pages={355-376},
  year={1943},
  publisher={Optical Society of America}
}
@article{boyaci2003effect,
  title={The effect of perceived surface orientation on perceived surface albedo in binocularly viewed scenes},
  author={Boyaci, Hussein and Maloney, Lawrence T and Hersh, Sarah},
  journal={Journal of Vision},
  volume={3},
  number={8},
  year={2003},
  publisher={The Association for Research in Vision and Ophthalmology}
}

@article{olmos2004biologically,
  title={A biologically inspired algorithm for the recovery of shading and reflectance images},
  author={Olmos, Adriana and Kingdom, Frederick AA},
  journal={Perception},
  volume={33},
  number={12},
  pages={1463-1473},
  year={2004},
  publisher={SAGE Publications Sage UK: London, England}
}

@article{davidPennHyperspectral,
  title={Hyperspectral Image Data},
  author={Brainard, David H},
  journal={},
  volume={},
  number={},
  url = {http://color.psych.upenn.edu//hyperspectral/},
  publisher={}
}
@article{todd1983perception,
  title={Perception of surface curvature and direction of illumination from patterns of shading.},
  author={Todd, James T and Mingolla, Ennio},
  journal={Journal of Experimental Psychology: Human perception and performance},
  volume={9},
  number={4},
  pages={583-595},
  year={1983},
  publisher={American Psychological Association}
}
@article{arend1986Simultaneous,
   author = {Arend, L and Reeves, A},
   title = {Simultaneous color constancy},
   journal = {Journal of the Optical Society of America A},
   volume = {3},
   number = {10},
   pages = {1743-1751},
   DOI = {10.1364/Journal of the Optical Society of America a.3.001743},
   year = {1986},
}
@article{johnston1993integration,
  title={Integration of depth modules: Stereopsis and texture},
  author={Johnston, Elizabeth B and Cumming, Bruce G and Parker, Andrew J},
  journal={Vision research},
  volume={33},
  number={5},
  pages={813-826},
  year={1993},
  publisher={Elsevier}
}
@article{heeger1992normalization,
  title={Normalization of cell responses in cat striate cortex},
  author={Heeger, David J},
  journal={Visual Neuroscience},
  volume={9},
  number={2},
  pages={181-197},
  year={1992},
  publisher={Cambridge University Press}
}
@article{carandini2012normalization,
  title={Normalization as a canonical neural computation},
  author={Carandini, Matteo and Heeger, David J},
  journal={Nature Reviews Neuroscience},
  volume={13},
  number={1},
  pages={51-62},
  year={2012},
  publisher={Nature Publishing Group}
}
@article{jaini2017linking,
  title={Linking normative models of natural tasks to descriptive models of neural response},
  author={Jaini, Priyank and Burge, Johannes},
  journal={Journal of Vision},
  volume={17},
  number={12},
  year={2017},
  pages={1-26},
  publisher={The Association for Research in Vision and Ophthalmology}
}
@article{marimont1994matching,
  title={Matching color images: the effects of axial chromatic aberration},
  author={Marimont, David H and Wandell, Brian A},
  journal={Journal of the Optical Society of America  A},
  volume={11},
  number={12},
  pages={3113-3122},
  year={1994},
  publisher={Optical Society of America}
}
@article{brainard2015color,
  title={Color and the cone mosaic},
  author={Brainard, David H},
  journal={Annual Review of Vision Science},
  volume={1},
  pages={519-546},
  year={2015},
  publisher={Annual Reviews}
}
@article{hecht1942energy,
  title={Energy, quanta, and vision},
  author={Hecht, Selig and Shlaer, Simon and Pirenne, Maurice Henri},
  journal={The Journal of general physiology},
  volume={25},
  number={6},
  pages={819-840},
  year={1942},
  publisher={Rockefeller University Press}
}
@inproceedings{brainard2015isetbio,
  title={Isetbio: Computational tools for modeling early human vision},
  author={Brainard, David H and Jiang, Haomiao and Cottaris, Nicolas P and Rieke, Fred and Chichilnisky, EJ and Farrell, Joyce E and Wandell, Brian A},
  booktitle={Imaging Systems and Applications},
  pages={IT4A-4},
  year={2015},
  organization={Optical Society of America}
}
@article{burge2012optimal,
  title={Optimal defocus estimates from individual images for autofocusing a digital camera},
  author={Burge, Johannes and Geisler, Wilson S},
  journal={Digital Photography VIII},
  volume={8299},
  pages={82990E},
  year={2012},
  organization={International Society for Optics and Photonics}
}

@article{kim2018lawful,
  title={The lawful imprecision of human surface tilt estimation in natural scenes},
  author={Kim, Seha and Burge, Johannes},
  journal={eLife},
  volume={7},
  pages={e31448},
  year={2018},
  publisher={eLife Sciences Publications Limited}
}
@article{land1986alternative,
  title={An alternative technique for the computation of the designator in the retinex theory of color vision},
  author={Land, Edwin H},
  journal={Proceedings of the national academy of sciences},
  volume={83},
  number={10},
  pages={3078-3080},
  year={1986},
  publisher={National Acad Sciences}
}
@article{burge2010natural,
  title={Natural-scene statistics predict how the figure--ground cue of convexity affects human depth perception},
  author={Burge, Johannes and Fowlkes, Charless C and Banks, Martin S},
  journal={Journal of Neuroscience},
  volume={30},
  number={21},
  pages={7269-7280},
  year={2010},
  publisher={Soc Neuroscience}
}
@article{girshick2011cardinal,
  title={Cardinal rules: visual orientation perception reflects knowledge of environmental statistics},
  author={Girshick, Ahna R and Landy, Michael S and Simoncelli, Eero P},
  journal={Nature neuroscience},
  volume={14},
  number={7},
  pages={926-932},
  year={2011},
  publisher={Nature Publishing Group}
}
@article{burge2016estimating,
  title={Estimating 3D tilt from local image cues in natural scenes},
  author={Burge, Johannes and McCann, Brian C and Geisler, Wilson S},
  journal={Journal of Vision},
  volume={16},
  number={13},
  pages={1-25},
  year={2016},
  publisher={The Association for Research in Vision and Ophthalmology}
}
@article{goncalves2017not,
  title={``{W}hat not{''} detectors help the brain see in depth},
  author={Goncalves, Nuno R and Welchman, Andrew E},
  journal={Current Biology},
  volume={27},
  number={10},
  pages={1403-1412},
  year={2017},
  publisher={Elsevier}
}
@article{gattass1981visual,
  title={Visual topography of {V}2 in the macaque},
  author={Gattass, R and Gross, CG and Sandell, JH},
  journal={Journal of Comparative Neurology},
  volume={201},
  number={4},
  pages={519-539},
  year={1981},
  publisher={Wiley Online Library}
}
@article{gattass1988visuotopic,
  title={Visuotopic organization and extent of {V}3 and {V}4 of the macaque},
  author={Gattass, Ricardo and Sousa, AP and Gross, CG},
  journal={Journal of Neuroscience},
  volume={8},
  number={6},
  pages={1831-1845},
  year={1988},
  publisher={Soc Neuroscience}
}
@article{sebastian2015defocus,
  title={Defocus blur discrimination in natural images with natural optics},
  author={Sebastian, Stephen and Burge, Johannes and Geisler, Wilson S},
  journal={Journal of Vision},
  volume={15},
  number={5},
  year={2015},
  publisher={The Association for Research in Vision and Ophthalmology}
}
@article{bell2014intrinsic,
  title={Intrinsic images in the wild},
  author={Bell, Sean and Bala, Kavita and Snavely, Noah},
  journal={ACM Transactions on Graphics (TOG)},
  volume={33},
  number={4},
  pages={159},
  year={2014},
  publisher={ACM}
}
@article{burton1987color,
  title={Color and spatial structure in natural scenes},
  author={Burton, GJ and Moorhead, Ian R},
  journal={Applied Optics},
  volume={26},
  number={1},
  pages={157-170},
  year={1987},
  publisher={Optical Society of America}
}
 @article{Butler:ECCV:2012,
title = {A naturalistic open source movie for optical flow evaluation},
author = {Butler, D. J. and Wulff, J. and Stanley, G. B. and Black, M. J.},
journal = {European Conference on Computer Vision (ECCV)},
editor = {A. Fitzgibbon et al.},
publisher = {Springer-Verlag},
series = {Part IV, LNCS 7577},
pages = {611-625},
year = {2012}
}


